1146 1496
429 184 467 220 ὓ
516 184 550 221 U
600 185 635 221 Ι
837 185 864 212 -V

264 256 405 288 Ceterum
417 256 580 288 -diss'ertatio
607 256 652 287 ilia
663 255 788 288 ‘constat
808 255 866 287 mass

199 313 289 344 gnam
303 309 413 344 partem
425 303 550 338 calculis,
560 304 635 335 veris
645 303 762 344 quidem
775 303 825 334 illis
835 310 865 334 et

199 351 337 382 omnibus
354 352 481 382 numeris
501 350 656 385 absolutis,
675 349 723 381 sed
745 357 865 391 propter

199 397 319 437 nimiam
335 395 374 427 sui
388 397 499 428 molem
508 403 594 437 atque
607 396 803 428 difficultatem
818 406 864 427 au-

197 442 258 473 ditu
271 442 486 474 molestiffimis:
498 453 574 483 quae
585 443 605 473 fi
615 443 805 473 recitarentur
814 451 865 483 pu-

197 489 286 525 blice,
301 490 461 531 periculum
477 497 552 524 erat,
569 499 609 520 ne
624 489 791 520 auditorum
806 489 864 520 ani-

198 538 239 568 mi
253 536 440 568 auscultandis
461 538 494 568 iis
508 537 684 571 deficerent,
702 546 780 568 neue
795 538 864 569 Aca-

187 584 294 614 'demia
307 584 496 616 summorum
511 584 647 624 patientia
666 583 802 615 Virorum
817 584 864 615 ab·

198 630 254 664 vti,
276 636 463 669 caeterosque
484 630 598 660 enioere
620 629 692 660 odio
711 630 863 665 videretur.

196 676 337 707 Praeuidit
354 676 413 707 hoc
424 675 657 711 incommodum,
678 676 863 717 prouiditque

197 721 372 758 Illustriffimi
393 721 527 753 Praefidis
546 721 687 763 &pientia-
745 723 863 754 Manda-

197 771 239 801 vit
254 769 456 801 Astronomiae
472 769 623 800 Profefl’ori
641 770 676 801 V.
692 770 727 801 C.
743 770 863 803 Nicetae

196 816 344 857 Popoui0‚
365 816 445 847 cuius
461 815 490 846 id
506 816 645 857 temporis
666 815 782 847 dicendi
803 824 863 849 erat

198 864 363 904 prouincia,
382 869 415 893 vt
425 862 576 903 ,prolixam
597 862 674 894 illam
695 863 789 894 Euleri
810 864 863 896 dis-

196 909 388 943 sertationem,
403 908 510 939 omiffis
525 908 654 943 calculis,
674 906 815 949 redIgetet
831 911 862 942 in

195 956 414 997 compendium,
428 962 458 986 et
468 965 542 995 quae
555 955 622 986 inde
638 955 801 996 excepiss‘et‚
816 967 862 988 au-

196 1003 323 1033 ditorum
338 1000 418 1032 causa
434 1002 566 1032 recitaret
579 1001 701 1041 publice.
723 1002 793 1042 QO
803 1005 862 1043 qui-

195 1048 263 1079 dem
276 1047 355 1078 festo
368 1053 399 1077 et
411 1047 524 1088 auribus
535 1046 694 1089 *hominum
709 1044 862 1084 consuluit,
886 1086 889 1090 ι

195 1102 225 1126 et
239 1101 336 1125 tamen
354 1103 451 1125 rerum
462 1094 586 1135 capitum
599 1095 749 1135 participes
761 1104 814 1126 eos
825 1095 862 1127 fa-

196 1139 411 1183 cere-aequabili
426 1146 660 1181 temperamento
671 1140 802 1173 instituit:
823 1148 862 1172 at-

538 1195 556 1213 *
580 1192 596 1222 3
650 1190 653 1193 “
806 1193 864 1224 que
